<?xml version="1.0" encoding="UTF-8"?><collection xmlns="http://www.loc.gov/MARC21/slim"><record><leader>00691nam--2200193-u-4500</leader><controlfield tag="001">000053109</controlfield><controlfield tag="002">20161230</controlfield><controlfield tag="005">20170105143718</controlfield><controlfield tag="008">110105s1000------------r-----000-0-eng-d</controlfield><datafield ind1=" " ind2=" " tag="020"><subfield code="a">9789812700834</subfield></datafield><datafield ind1=" " ind2=" " tag="040"><subfield code="a">IFIN-HH</subfield></datafield><datafield ind1=" " ind2=" " tag="080"><subfield code="a">539.1(063)</subfield></datafield><datafield ind1="1" ind2=" " tag="100"><subfield code="a">Raduta, Apolodor Aristotel</subfield></datafield><datafield ind1="1" ind2="0" tag="245"><subfield code="a">Collective motion and phase transitions in nuclear systems</subfield><subfield code="b">Proceedings of the Predeal International Summer School in Nuclear Physics, Predeal, Romania 28 August - 9 September 2006</subfield><subfield code="c">A.A. Raduta; V. Baran; A.C. Gheorghie; I. Ursu (Eds.)</subfield></datafield><datafield ind1=" " ind2=" " tag="260"><subfield code="a">New Jersey</subfield><subfield code="b">World Scientific</subfield><subfield code="c">2007</subfield></datafield><datafield ind1=" " ind2=" " tag="300"><subfield code="a">672 p</subfield></datafield><datafield ind1="1" ind2=" " tag="700"><subfield code="a">Ursu, I</subfield><subfield code="e">Ed</subfield></datafield><datafield ind1=" " ind2=" " tag="852"><subfield code="a">81886</subfield><subfield code="c">539</subfield></datafield><datafield ind1=" " ind2=" " tag="CAT"><subfield code="a">SYS</subfield><subfield code="c">20170105</subfield><subfield code="h">143718</subfield></datafield></record></collection>